@INPROCEEDINGS{smartocracy,
    author = {Marko A. Rodriguez and Daniel J. Steinbock and Jennifer H. Watkins and Carlos Gershenson and Johan Bollen and Victor Grey and Brad Degraf},
    title = {B.: Smartocracy: Social networks for collective decision making. Hawaii international conference on system sciences},
    booktitle = {In 40th Annual Hawaii International Conference on Systems Science (HICSSâ€™07). Waikoloa},
    year = {2007}
}

@MISC{axioms,
    author = {Reid Andersen and Christian Borgs and Jennifer Chayes and Uriel Feige and Abraham Flaxman and Adam Kalai and Vahab Mirrokni and Moshe Tennenholtz},
    title = {Trust-based recommendation systems: An axiomatic approach},
    year = {2007}
}

@ARTICLE{tdd,
    author = {Hiroshi Yamakawa and Michiko Yoshida and Motohiro Tsuchiya},
    title = {Toward delegated democracy: Vote by yourself, or trust your network},
    journal = {International Journal of Human and Social Sciences},
    year = {2007}
}

@MISC{liquiddem,
    author = {Stefan Dirnstorfer},
    title = {A Voting System for Internet Based Democracy.  \emph{http://ssrn.com/abstract=1679002}},
    year = {2010}
}

@MISC{delegative,
    author = {Bryan Ford},
    title = {Delegative Democracy.  \emph{http://www.brynosaurus.com/deleg/deleg.pdf}},
    year = {2002}
}